@article{dietterich2000hierarchical,
  title={Hierarchical reinforcement learning with the MAXQ value function decomposition},
  author={Dietterich, Thomas G},
  journal={Journal of artificial intelligence research},
  volume={13},
  pages={227--303},
  year={2000}
}

@misc{tutorial,
  title = {Reinforcement Q-Learning from Scratch in Python with OpenAI Gym},
  url = {https://www.learndatasci.com/tutorials/reinforcement-q-learning-scratch-python-openai-gym/}
}

@misc{Taxi-v3,
  title = {Taxi-v3 Documentation},
  url = {https://gym.openai.com/envs/Taxi-v3/}
}

@misc{AngryBirds,
  title = {Angry Birds},
  url = {https://en.wikipedia.org/wiki/Angry_Birds}
}
